%YAML 1.1
%TAG !u! tag:unity3d.com,2011:
--- !u!1 &2947862888591026882
GameObject:
  m_ObjectHideFlags: 0
  m_CorrespondingSourceObject: {fileID: 0}
  m_PrefabInstance: {fileID: 0}
  m_PrefabAsset: {fileID: 0}
  serializedVersion: 6
  m_Component:
  - component: {fileID: 2947862888591026887}
  - component: {fileID: 2947862888591026884}
  - component: {fileID: 2947862888591026890}
  - component: {fileID: 1899662593764924579}
  - component: {fileID: 5042291287760430395}
  - component: {fileID: 2654876583519001514}
  m_Layer: 11
  m_Name: Normal Float Object Game Assets
  m_TagString: Float
  m_Icon: {fileID: 0}
  m_NavMeshLayer: 0
  m_StaticEditorFlags: 0
  m_IsActive: 1
--- !u!4 &2947862888591026887
Transform:
  m_ObjectHideFlags: 0
  m_CorrespondingSourceObject: {fileID: 0}
  m_PrefabInstance: {fileID: 0}
  m_PrefabAsset: {fileID: 0}
  m_GameObject: {fileID: 2947862888591026882}
  m_LocalRotation: {x: 0, y: 0, z: 0, w: 1}
  m_LocalPosition: {x: -5.3764625, y: 2.25, z: 18.86277}
  m_LocalScale: {x: 1, y: 1, z: 1}
  m_Children:
  - {fileID: 2947862888712458474}
  m_Father: {fileID: 0}
  m_RootOrder: 0
  m_LocalEulerAnglesHint: {x: 0, y: 0, z: 0}
--- !u!54 &2947862888591026884
Rigidbody:
  m_ObjectHideFlags: 0
  m_CorrespondingSourceObject: {fileID: 0}
  m_PrefabInstance: {fileID: 0}
  m_PrefabAsset: {fileID: 0}
  m_GameObject: {fileID: 2947862888591026882}
  serializedVersion: 2
  m_Mass: 1
  m_Drag: 0
  m_AngularDrag: 0.05
  m_UseGravity: 1
  m_IsKinematic: 0
  m_Interpolate: 0
  m_Constraints: 112
  m_CollisionDetection: 0
--- !u!114 &2947862888591026890
MonoBehaviour:
  m_ObjectHideFlags: 0
  m_CorrespondingSourceObject: {fileID: 0}
  m_PrefabInstance: {fileID: 0}
  m_PrefabAsset: {fileID: 0}
  m_GameObject: {fileID: 2947862888591026882}
  m_Enabled: 1
  m_EditorHideFlags: 0
  m_Script: {fileID: 1384774831, guid: e743331561ef77147ae48cda9bcb8209, type: 3}
  m_Name: 
  m_EditorClassIdentifier: 
  fsm:
    dataVersion: 2
    usedInTemplate: {fileID: 0}
    name: Floating
    startState: State 1
    states:
    - name: State 1
      description: 
      colorIndex: 0
      position:
        serializedVersion: 2
        x: 658
        y: 116
        width: 100
        height: 16
      isBreakpoint: 0
      isSequence: 0
      hideUnused: 0
      transitions: []
      actionData:
        actionNames: []
        customNames: []
        actionEnabled: 
        actionIsOpen: 
        actionStartIndex: 
        actionHashCodes: 
        unityObjectParams: []
        fsmGameObjectParams: []
        fsmOwnerDefaultParams: []
        animationCurveParams: []
        functionCallParams: []
        fsmTemplateControlParams: []
        fsmEventTargetParams: []
        fsmPropertyParams: []
        layoutOptionParams: []
        fsmStringParams: []
        fsmObjectParams: []
        fsmVarParams: []
        fsmArrayParams: []
        fsmEnumParams: []
        fsmFloatParams: []
        fsmIntParams: []
        fsmBoolParams: []
        fsmVector2Params: []
        fsmVector3Params: []
        fsmColorParams: []
        fsmRectParams: []
        fsmQuaternionParams: []
        stringParams: []
        byteData: 
        arrayParamSizes: 
        arrayParamTypes: []
        customTypeSizes: 
        customTypeNames: []
        paramDataType: 
        paramName: []
        paramDataPos: 
        paramByteDataSize: 
    - name: Add Force
      description: 
      colorIndex: 0
      position:
        serializedVersion: 2
        x: 913
        y: 103
        width: 104
        height: 32
      isBreakpoint: 0
      isSequence: 0
      hideUnused: 0
      transitions:
      - fsmEvent:
          name: FINISHED
          isSystemEvent: 1
          isGlobal: 0
        toState: State 1
        linkStyle: 0
        linkConstraint: 0
        colorIndex: 0
      actionData:
        actionNames:
        - HutongGames.PlayMaker.Actions.GetPosition
        - HutongGames.PlayMaker.Actions.AddForce
        customNames:
        - 
        - 
        actionEnabled: 0101
        actionIsOpen: 0101
        actionStartIndex: 0000000007000000
        actionHashCodes: 5552ad05febdb401
        unityObjectParams: []
        fsmGameObjectParams: []
        fsmOwnerDefaultParams:
        - ownerOption: 0
          gameObject:
            useVariable: 0
            name: 
            tooltip: 
            showInInspector: 0
            networkSync: 0
            value: {fileID: 0}
        - ownerOption: 0
          gameObject:
            useVariable: 0
            name: 
            tooltip: 
            showInInspector: 0
            networkSync: 0
            value: {fileID: 0}
        animationCurveParams: []
        functionCallParams: []
        fsmTemplateControlParams: []
        fsmEventTargetParams: []
        fsmPropertyParams: []
        layoutOptionParams: []
        fsmStringParams: []
        fsmObjectParams: []
        fsmVarParams: []
        fsmArrayParams: []
        fsmEnumParams: []
        fsmFloatParams:
        - useVariable: 1
          name: 
          tooltip: 
          showInInspector: 0
          networkSync: 0
          value: 0
        - useVariable: 1
          name: 
          tooltip: 
          showInInspector: 0
          networkSync: 0
          value: 0
        - useVariable: 1
          name: 
          tooltip: 
          showInInspector: 0
          networkSync: 0
          value: 0
        - useVariable: 1
          name: 
          tooltip: 
          showInInspector: 0
          networkSync: 0
          value: 0
        - useVariable: 1
          name: Float Force
          tooltip: 
          showInInspector: 1
          networkSync: 0
          value: 1
        - useVariable: 1
          name: 
          tooltip: 
          showInInspector: 0
          networkSync: 0
          value: 0
        fsmIntParams: []
        fsmBoolParams: []
        fsmVector2Params: []
        fsmVector3Params:
        - useVariable: 1
          name: Object Position Vector
          tooltip: 
          showInInspector: 0
          networkSync: 0
          value: {x: 0, y: 0, z: 0}
        - useVariable: 1
          name: Object Position Vector
          tooltip: 
          showInInspector: 0
          networkSync: 0
          value: {x: 0, y: 0, z: 0}
        - useVariable: 1
          name: 
          tooltip: 
          showInInspector: 0
          networkSync: 0
          value: {x: 0, y: 0, z: 0}
        fsmColorParams: []
        fsmRectParams: []
        fsmQuaternionParams: []
        stringParams: []
        byteData: 0000000001000000000100000001
        arrayParamSizes: 
        arrayParamTypes: []
        customTypeSizes: 
        customTypeNames: []
        paramDataType: 140000001c0000000f0000000f0000000f0000000700000001000000140000001c0000001c0000000f0000000f0000000f000000070000000700000001000000
        paramName:
        - gameObject
        - vector
        - x
        - y
        - z
        - space
        - everyFrame
        - gameObject
        - atPosition
        - vector
        - x
        - y
        - z
        - space
        - forceMode
        - everyFrame
        paramDataPos: 0000000000000000000000000100000002000000000000000400000001000000010000000200000003000000040000000500000005000000090000000d000000
        paramByteDataSize: 00000000000000000000000000000000000000000400000001000000000000000000000000000000000000000000000000000000040000000400000001000000
    - name: Freezing
      description: 
      colorIndex: 0
      position:
        serializedVersion: 2
        x: 393
        y: 109
        width: 136
        height: 32
      isBreakpoint: 0
      isSequence: 0
      hideUnused: 0
      transitions:
      - fsmEvent:
          name: FINISHED
          isSystemEvent: 1
          isGlobal: 0
        toState: State 1
        linkStyle: 0
        linkConstraint: 0
        colorIndex: 0
      actionData:
        actionNames:
        - HutongGames.PlayMaker.Actions.SetRigidBodyConstraints
        customNames:
        - 
        actionEnabled: 01
        actionIsOpen: 00
        actionStartIndex: 00000000
        actionHashCodes: 5050f303
        unityObjectParams: []
        fsmGameObjectParams: []
        fsmOwnerDefaultParams:
        - ownerOption: 0
          gameObject:
            useVariable: 0
            name: 
            tooltip: 
            showInInspector: 0
            networkSync: 0
            value: {fileID: 0}
        animationCurveParams: []
        functionCallParams: []
        fsmTemplateControlParams: []
        fsmEventTargetParams: []
        fsmPropertyParams: []
        layoutOptionParams: []
        fsmStringParams: []
        fsmObjectParams: []
        fsmVarParams: []
        fsmArrayParams: []
        fsmEnumParams: []
        fsmFloatParams: []
        fsmIntParams: []
        fsmBoolParams:
        - useVariable: 1
          name: 
          tooltip: 
          showInInspector: 0
          networkSync: 0
          value: 0
        - useVariable: 1
          name: 
          tooltip: 
          showInInspector: 0
          networkSync: 0
          value: 0
        - useVariable: 1
          name: 
          tooltip: 
          showInInspector: 0
          networkSync: 0
          value: 0
        - useVariable: 1
          name: 
          tooltip: 
          showInInspector: 0
          networkSync: 0
          value: 0
        - useVariable: 0
          name: 
          tooltip: 
          showInInspector: 0
          networkSync: 0
          value: 1
        - useVariable: 1
          name: 
          tooltip: 
          showInInspector: 0
          networkSync: 0
          value: 0
        - useVariable: 0
          name: 
          tooltip: 
          showInInspector: 0
          networkSync: 0
          value: 1
        - useVariable: 0
          name: 
          tooltip: 
          showInInspector: 0
          networkSync: 0
          value: 1
        - useVariable: 0
          name: 
          tooltip: 
          showInInspector: 0
          networkSync: 0
          value: 1
        fsmVector2Params: []
        fsmVector3Params: []
        fsmColorParams: []
        fsmRectParams: []
        fsmQuaternionParams: []
        stringParams: []
        byteData: 00
        arrayParamSizes: 
        arrayParamTypes: []
        customTypeSizes: 
        customTypeNames: []
        paramDataType: 1400000011000000110000001100000011000000110000001100000011000000110000001100000001000000
        paramName:
        - gameObject
        - freezeAll
        - freezePosition
        - freezeRotation
        - freezePositionX
        - freezePositionY
        - freezePositionZ
        - freezeRotationX
        - freezeRotationY
        - freezeRotationZ
        - everyFrame
        paramDataPos: 0000000000000000010000000200000003000000040000000500000006000000070000000800000000000000
        paramByteDataSize: 0000000000000000000000000000000000000000000000000000000000000000000000000000000001000000
    - name: Fall Lisnter
      description: 
      colorIndex: 0
      position:
        serializedVersion: 2
        x: 651
        y: 258
        width: 104
        height: 32
      isBreakpoint: 0
      isSequence: 0
      hideUnused: 0
      transitions:
      - fsmEvent:
          name: FINISHED
          isSystemEvent: 1
          isGlobal: 0
        toState: State 1
        linkStyle: 0
        linkConstraint: 0
        colorIndex: 0
      actionData:
        actionNames:
        - HutongGames.PlayMaker.Actions.SetParent
        - HutongGames.PlayMaker.Actions.Sleep
        - HutongGames.PlayMaker.Actions.SetRigidBodyConstraints
        - HutongGames.PlayMaker.Actions.WakeUp
        customNames:
        - 
        - 
        - 
        - 
        actionEnabled: 01010101
        actionIsOpen: 01010101
        actionStartIndex: 00000000040000000500000010000000
        actionHashCodes: ea32a1058d4bb5035050f3038d4bb503
        unityObjectParams: []
        fsmGameObjectParams:
        - useVariable: 1
          name: 
          tooltip: 
          showInInspector: 0
          networkSync: 0
          value: {fileID: 0}
        fsmOwnerDefaultParams:
        - ownerOption: 0
          gameObject:
            useVariable: 0
            name: 
            tooltip: 
            showInInspector: 0
            networkSync: 0
            value: {fileID: 0}
        - ownerOption: 0
          gameObject:
            useVariable: 0
            name: 
            tooltip: 
            showInInspector: 0
            networkSync: 0
            value: {fileID: 0}
        - ownerOption: 0
          gameObject:
            useVariable: 0
            name: 
            tooltip: 
            showInInspector: 0
            networkSync: 0
            value: {fileID: 0}
        - ownerOption: 0
          gameObject:
            useVariable: 0
            name: 
            tooltip: 
            showInInspector: 0
            networkSync: 0
            value: {fileID: 0}
        animationCurveParams: []
        functionCallParams: []
        fsmTemplateControlParams: []
        fsmEventTargetParams: []
        fsmPropertyParams: []
        layoutOptionParams: []
        fsmStringParams: []
        fsmObjectParams: []
        fsmVarParams: []
        fsmArrayParams: []
        fsmEnumParams: []
        fsmFloatParams: []
        fsmIntParams: []
        fsmBoolParams:
        - useVariable: 0
          name: 
          tooltip: 
          showInInspector: 0
          networkSync: 0
          value: 0
        - useVariable: 0
          name: 
          tooltip: 
          showInInspector: 0
          networkSync: 0
          value: 0
        - useVariable: 1
          name: 
          tooltip: 
          showInInspector: 0
          networkSync: 0
          value: 0
        - useVariable: 1
          name: 
          tooltip: 
          showInInspector: 0
          networkSync: 0
          value: 0
        - useVariable: 1
          name: 
          tooltip: 
          showInInspector: 0
          networkSync: 0
          value: 0
        - useVariable: 1
          name: 
          tooltip: 
          showInInspector: 0
          networkSync: 0
          value: 0
        - useVariable: 0
          name: 
          tooltip: 
          showInInspector: 0
          networkSync: 0
          value: 0
        - useVariable: 1
          name: 
          tooltip: 
          showInInspector: 0
          networkSync: 0
          value: 0
        - useVariable: 0
          name: 
          tooltip: 
          showInInspector: 0
          networkSync: 0
          value: 1
        - useVariable: 0
          name: 
          tooltip: 
          showInInspector: 0
          networkSync: 0
          value: 1
        - useVariable: 0
          name: 
          tooltip: 
          showInInspector: 0
          networkSync: 0
          value: 1
        fsmVector2Params: []
        fsmVector3Params: []
        fsmColorParams: []
        fsmRectParams: []
        fsmQuaternionParams: []
        stringParams: []
        byteData: 00
        arrayParamSizes: 
        arrayParamTypes: []
        customTypeSizes: 
        customTypeNames: []
        paramDataType: 1400000013000000110000001100000014000000140000001100000011000000110000001100000011000000110000001100000011000000110000000100000014000000
        paramName:
        - gameObject
        - parent
        - resetLocalPosition
        - resetLocalRotation
        - gameObject
        - gameObject
        - freezeAll
        - freezePosition
        - freezeRotation
        - freezePositionX
        - freezePositionY
        - freezePositionZ
        - freezeRotationX
        - freezeRotationY
        - freezeRotationZ
        - everyFrame
        - gameObject
        paramDataPos: 00000000000000000000000001000000010000000200000002000000030000000400000005000000060000000700000008000000090000000a0000000000000003000000
        paramByteDataSize: 0000000000000000000000000000000000000000000000000000000000000000000000000000000000000000000000000000000000000000000000000100000000000000
    - name: Send Object Type to Lisntener
      description: 
      colorIndex: 0
      position:
        serializedVersion: 2
        x: 966
        y: 260
        width: 208
        height: 32
      isBreakpoint: 0
      isSequence: 0
      hideUnused: 0
      transitions:
      - fsmEvent:
          name: FINISHED
          isSystemEvent: 1
          isGlobal: 0
        toState: State 1
        linkStyle: 0
        linkConstraint: 0
        colorIndex: 0
      actionData:
        actionNames:
        - HutongGames.PlayMaker.Actions.SetEventData
        - HutongGames.PlayMaker.Actions.SendEvent
        customNames:
        - 
        - 
        actionEnabled: 0101
        actionIsOpen: 0001
        actionStartIndex: 000000000d000000
        actionHashCodes: 27ffbc035e69bb04
        unityObjectParams: []
        fsmGameObjectParams:
        - useVariable: 1
          name: Self Object
          tooltip: 
          showInInspector: 0
          networkSync: 0
          value: {fileID: 2947862888591026882}
        fsmOwnerDefaultParams: []
        animationCurveParams: []
        functionCallParams: []
        fsmTemplateControlParams: []
        fsmEventTargetParams:
        - target: 2
          excludeSelf:
            useVariable: 0
            name: 
            tooltip: 
            showInInspector: 0
            networkSync: 0
            value: 0
          gameObject:
            ownerOption: 1
            gameObject:
              useVariable: 1
              name: Object Type Listener
              tooltip: 
              showInInspector: 1
              networkSync: 0
              value: {fileID: 0}
          fsmName:
            useVariable: 1
            name: Listener FSM Name
            tooltip: 
            showInInspector: 1
            networkSync: 0
            value: Null
          sendToChildren:
            useVariable: 0
            name: 
            tooltip: 
            showInInspector: 0
            networkSync: 0
            value: 0
          fsmComponent: {fileID: 0}
        fsmPropertyParams: []
        layoutOptionParams: []
        fsmStringParams:
        - useVariable: 1
          name: 
          tooltip: 
          showInInspector: 0
          networkSync: 0
          value: 
        fsmObjectParams:
        - useVariable: 1
          name: 
          tooltip: 
          showInInspector: 0
          networkSync: 0
          typeName: 
          value: {fileID: 0}
        - useVariable: 1
          name: 
          tooltip: 
          showInInspector: 0
          networkSync: 0
          typeName: 
          value: {fileID: 0}
        - useVariable: 1
          name: 
          tooltip: 
          showInInspector: 0
          networkSync: 0
          typeName: UnityEngine.Object
          value: {fileID: 0}
        fsmVarParams: []
        fsmArrayParams: []
        fsmEnumParams: []
        fsmFloatParams:
        - useVariable: 1
          name: 
          tooltip: 
          showInInspector: 0
          networkSync: 0
          value: 0
        - useVariable: 0
          name: 
          tooltip: 
          showInInspector: 0
          networkSync: 0
          value: 0
        fsmIntParams:
        - useVariable: 1
          name: Float Object Type
          tooltip: 0=Defult,1=Heavy Object,2=Explosive
          showInInspector: 1
          networkSync: 0
          value: 1
        fsmBoolParams:
        - useVariable: 1
          name: 
          tooltip: 
          showInInspector: 0
          networkSync: 0
          value: 0
        fsmVector2Params:
        - useVariable: 1
          name: 
          tooltip: 
          showInInspector: 0
          networkSync: 0
          value: {x: 0, y: 0}
        fsmVector3Params:
        - useVariable: 1
          name: 
          tooltip: 
          showInInspector: 0
          networkSync: 0
          value: {x: 0, y: 0, z: 0}
        fsmColorParams:
        - useVariable: 1
          name: 
          tooltip: 
          showInInspector: 0
          networkSync: 0
          value: {r: 0, g: 0, b: 0, a: 1}
        fsmRectParams:
        - useVariable: 1
          name: 
          tooltip: 
          showInInspector: 0
          networkSync: 0
          value:
            serializedVersion: 2
            x: 0
            y: 0
            width: 0
            height: 0
        fsmQuaternionParams:
        - useVariable: 1
          name: 
          tooltip: 
          showInInspector: 0
          networkSync: 0
          value: {x: 0, y: 0, z: 0, w: 0}
        stringParams:
        - Start Listening
        byteData: 00
        arrayParamSizes: 
        arrayParamTypes: []
        customTypeSizes: 
        customTypeNames: []
        paramDataType: 13000000100000000f0000001200000011000000250000001c0000001e00000023000000190000002000000021000000180000001f000000170000000f00000001000000
        paramName:
        - setGameObjectData
        - setIntData
        - setFloatData
        - setStringData
        - setBoolData
        - setVector2Data
        - setVector3Data
        - setRectData
        - setQuaternionData
        - setColorData
        - setMaterialData
        - setTextureData
        - setObjectData
        - eventTarget
        - sendEvent
        - delay
        - everyFrame
        paramDataPos: 0000000000000000000000000000000000000000000000000000000000000000000000000000000000000000010000000200000000000000000000000100000000000000
        paramByteDataSize: 0000000000000000000000000000000000000000000000000000000000000000000000000000000000000000000000000000000000000000000000000000000001000000
    - name: Interactive Listener
      description: Send Event to Prefeb Children, The children can inheritage this
        function and overide code, the code is belongs for the child itself
      colorIndex: 0
      position:
        serializedVersion: 2
        x: 59
        y: 315.09375
        width: 400
        height: 32
      isBreakpoint: 0
      isSequence: 0
      hideUnused: 0
      transitions:
      - fsmEvent:
          name: FINISHED
          isSystemEvent: 1
          isGlobal: 0
        toState: State 1
        linkStyle: 0
        linkConstraint: 0
        colorIndex: 0
      actionData:
        actionNames:
        - HutongGames.PlayMaker.Actions.SendEvent
        customNames:
        - 
        actionEnabled: 01
        actionIsOpen: 01
        actionStartIndex: 00000000
        actionHashCodes: 5e69bb04
        unityObjectParams: []
        fsmGameObjectParams: []
        fsmOwnerDefaultParams: []
        animationCurveParams: []
        functionCallParams: []
        fsmTemplateControlParams: []
        fsmEventTargetParams:
        - target: 1
          excludeSelf:
            useVariable: 0
            name: 
            tooltip: 
            showInInspector: 0
            networkSync: 0
            value: 0
          gameObject:
            ownerOption: 0
            gameObject:
              useVariable: 0
              name: 
              tooltip: 
              showInInspector: 0
              networkSync: 0
              value: {fileID: 0}
          fsmName:
            useVariable: 0
            name: 
            tooltip: 
            showInInspector: 0
            networkSync: 0
            value: 
          sendToChildren:
            useVariable: 0
            name: 
            tooltip: 
            showInInspector: 0
            networkSync: 0
            value: 1
          fsmComponent: {fileID: 0}
        fsmPropertyParams: []
        layoutOptionParams: []
        fsmStringParams: []
        fsmObjectParams: []
        fsmVarParams: []
        fsmArrayParams: []
        fsmEnumParams: []
        fsmFloatParams:
        - useVariable: 0
          name: 
          tooltip: 
          showInInspector: 0
          networkSync: 0
          value: 0
        fsmIntParams: []
        fsmBoolParams: []
        fsmVector2Params: []
        fsmVector3Params: []
        fsmColorParams: []
        fsmRectParams: []
        fsmQuaternionParams: []
        stringParams:
        - INTERACTIVE RECIEVE
        byteData: 00
        arrayParamSizes: 
        arrayParamTypes: []
        customTypeSizes: 
        customTypeNames: []
        paramDataType: 1f000000170000000f00000001000000
        paramName:
        - eventTarget
        - sendEvent
        - delay
        - everyFrame
        paramDataPos: 00000000000000000000000000000000
        paramByteDataSize: 00000000000000000000000001000000
    events:
    - name: FINISHED
      isSystemEvent: 1
      isGlobal: 0
    - name: Falling Down
      isSystemEvent: 0
      isGlobal: 1
    - name: Freezing in the Air
      isSystemEvent: 0
      isGlobal: 1
    - name: GET FLOAT OBJ TYPE
      isSystemEvent: 0
      isGlobal: 1
    - name: INTERACTIVE RECIEVE
      isSystemEvent: 0
      isGlobal: 1
    - name: Interactive
      isSystemEvent: 0
      isGlobal: 1
    - name: Launch Float
      isSystemEvent: 0
      isGlobal: 1
    - name: Start Listening
      isSystemEvent: 0
      isGlobal: 1
    globalTransitions:
    - fsmEvent:
        name: Launch Float
        isSystemEvent: 0
        isGlobal: 1
      toState: Add Force
      linkStyle: 0
      linkConstraint: 0
      colorIndex: 0
    - fsmEvent:
        name: Freezing in the Air
        isSystemEvent: 0
        isGlobal: 1
      toState: Freezing
      linkStyle: 0
      linkConstraint: 0
      colorIndex: 0
    - fsmEvent:
        name: Falling Down
        isSystemEvent: 0
        isGlobal: 1
      toState: Fall Lisnter
      linkStyle: 0
      linkConstraint: 0
      colorIndex: 0
    - fsmEvent:
        name: GET FLOAT OBJ TYPE
        isSystemEvent: 0
        isGlobal: 1
      toState: Send Object Type to Lisntener
      linkStyle: 0
      linkConstraint: 0
      colorIndex: 0
    - fsmEvent:
        name: Interactive
        isSystemEvent: 0
        isGlobal: 1
      toState: Interactive Listener
      linkStyle: 0
      linkConstraint: 0
      colorIndex: 0
    variables:
      floatVariables:
      - useVariable: 1
        name: Float Force
        tooltip: 
        showInInspector: 1
        networkSync: 0
        value: 1
      - useVariable: 1
        name: 
        tooltip: 
        showInInspector: 0
        networkSync: 0
        value: 0
      - useVariable: 1
        name: 
        tooltip: 
        showInInspector: 0
        networkSync: 0
        value: 0
      intVariables:
      - useVariable: 1
        name: Float Object Type
        tooltip: 0=Defult,1=Heavy Object,2=Explosive
        showInInspector: 1
        networkSync: 0
        value: 0
      boolVariables: []
      stringVariables:
      - useVariable: 1
        name: Listener FSM Name
        tooltip: 
        showInInspector: 1
        networkSync: 0
        value: Null
      vector2Variables: []
      vector3Variables:
      - useVariable: 1
        name: Object Position Vector
        tooltip: 
        showInInspector: 0
        networkSync: 0
        value: {x: 0, y: 0, z: 0}
      colorVariables: []
      rectVariables: []
      quaternionVariables: []
      gameObjectVariables:
      - useVariable: 1
        name: 
        tooltip: 
        showInInspector: 1
        networkSync: 0
        value: {fileID: 0}
      - useVariable: 1
        name: Object Type Listener
        tooltip: 
        showInInspector: 1
        networkSync: 0
        value: {fileID: 0}
      - useVariable: 1
        name: Self Object
        tooltip: 
        showInInspector: 0
        networkSync: 0
        value: {fileID: 2947862888591026882}
      objectVariables: []
      materialVariables: []
      textureVariables: []
      arrayVariables: []
      enumVariables: []
      categories:
      - 
      - Object Attibutes
      variableCategoryIDs: 000000000000000000000000010000000000000000000000000000000000000000000000
    description: 
    docUrl: 
    showStateLabel: 0
    maxLoopCount: 0
    watermark: 
    password: 
    locked: 0
    manualUpdate: 0
    keepDelayedEventsOnStateExit: 0
    preprocessed: 1
    ExposedEvents: []
    RestartOnEnable: 1
    EnableDebugFlow: 0
    EnableBreakpoints: 1
    editorFlags: 3
    activeStateName: 
    mouseEvents: 0
    handleLevelLoaded: 0
    handleTriggerEnter2D: 0
    handleTriggerExit2D: 0
    handleTriggerStay2D: 0
    handleCollisionEnter2D: 0
    handleCollisionExit2D: 0
    handleCollisionStay2D: 0
    handleTriggerEnter: 0
    handleTriggerExit: 0
    handleTriggerStay: 0
    handleCollisionEnter: 0
    handleCollisionExit: 0
    handleCollisionStay: 0
    handleParticleCollision: 0
    handleControllerColliderHit: 0
    handleJointBreak: 0
    handleJointBreak2D: 0
    handleOnGUI: 0
    handleFixedUpdate: 1
    handleLateUpdate: 0
    handleApplicationEvents: 0
    handleUiEvents: 0
    handleLegacyNetworking: 0
    handleAnimatorMove: 0
    handleAnimatorIK: 0
  fsmTemplate: {fileID: 0}
  eventHandlerComponentsAdded: 1
--- !u!114 &1899662593764924579
MonoBehaviour:
  m_ObjectHideFlags: 0
  m_CorrespondingSourceObject: {fileID: 0}
  m_PrefabInstance: {fileID: 0}
  m_PrefabAsset: {fileID: 0}
  m_GameObject: {fileID: 2947862888591026882}
  m_Enabled: 1
  m_EditorHideFlags: 0
  m_Script: {fileID: -664232604, guid: e743331561ef77147ae48cda9bcb8209, type: 3}
  m_Name: 
  m_EditorClassIdentifier: 
  TargetFSMs:
  - {fileID: 2947862888591026890}
--- !u!65 &5042291287760430395
BoxCollider:
  m_ObjectHideFlags: 0
  m_CorrespondingSourceObject: {fileID: 0}
  m_PrefabInstance: {fileID: 0}
  m_PrefabAsset: {fileID: 0}
  m_GameObject: {fileID: 2947862888591026882}
  m_Material: {fileID: 0}
  m_IsTrigger: 0
  m_Enabled: 1
  serializedVersion: 2
  m_Size: {x: 1.1, y: 1.1, z: 1.1}
  m_Center: {x: 0, y: 0, z: 0}
--- !u!114 &2654876583519001514
MonoBehaviour:
  m_ObjectHideFlags: 0
  m_CorrespondingSourceObject: {fileID: 0}
  m_PrefabInstance: {fileID: 0}
  m_PrefabAsset: {fileID: 0}
  m_GameObject: {fileID: 2947862888591026882}
  m_Enabled: 1
  m_EditorHideFlags: 0
  m_Script: {fileID: 1384774831, guid: e743331561ef77147ae48cda9bcb8209, type: 3}
  m_Name: 
  m_EditorClassIdentifier: 
  fsm:
    dataVersion: 2
    usedInTemplate: {fileID: 0}
    name: Object is Detected FSM
    startState: State 1
    states:
    - name: State 1
      description: 
      colorIndex: 0
      position:
        serializedVersion: 2
        x: 354
        y: 100
        width: 100
        height: 16
      isBreakpoint: 0
      isSequence: 0
      hideUnused: 0
      transitions: []
      actionData:
        actionNames: []
        customNames: []
        actionEnabled: 
        actionIsOpen: 
        actionStartIndex: 
        actionHashCodes: 
        unityObjectParams: []
        fsmGameObjectParams: []
        fsmOwnerDefaultParams: []
        animationCurveParams: []
        functionCallParams: []
        fsmTemplateControlParams: []
        fsmEventTargetParams: []
        fsmPropertyParams: []
        layoutOptionParams: []
        fsmStringParams: []
        fsmObjectParams: []
        fsmVarParams: []
        fsmArrayParams: []
        fsmEnumParams: []
        fsmFloatParams: []
        fsmIntParams: []
        fsmBoolParams: []
        fsmVector2Params: []
        fsmVector3Params: []
        fsmColorParams: []
        fsmRectParams: []
        fsmQuaternionParams: []
        stringParams: []
        byteData: 
        arrayParamSizes: 
        arrayParamTypes: []
        customTypeSizes: 
        customTypeNames: []
        paramDataType: 
        paramName: []
        paramDataPos: 
        paramByteDataSize: 
    - name: Change Material
      description: 
      colorIndex: 0
      position:
        serializedVersion: 2
        x: 582
        y: 109
        width: 159
        height: 32
      isBreakpoint: 0
      isSequence: 0
      hideUnused: 0
      transitions:
      - fsmEvent:
          name: FINISHED
          isSystemEvent: 1
          isGlobal: 0
        toState: State 1
        linkStyle: 0
        linkConstraint: 0
        colorIndex: 0
      actionData:
        actionNames:
        - HutongGames.PlayMaker.Actions.GetChildNum
        - HutongGames.PlayMaker.Actions.SetMaterial
        customNames:
        - 
        - 
        actionEnabled: 0001
        actionIsOpen: 0101
        actionStartIndex: 0000000003000000
        actionHashCodes: 280cdd0511ab5a02
        unityObjectParams: []
        fsmGameObjectParams:
        - useVariable: 1
          name: Float Object Body
          tooltip: 
          showInInspector: 1
          networkSync: 0
          value: {fileID: 2947862888712458470}
        fsmOwnerDefaultParams:
        - ownerOption: 0
          gameObject:
            useVariable: 1
            name: CollidedObject
            tooltip: 
            showInInspector: 0
            networkSync: 0
            value: {fileID: 0}
        - ownerOption: 1
          gameObject:
            useVariable: 1
            name: Float Object Body
            tooltip: 
            showInInspector: 1
            networkSync: 0
            value: {fileID: 2947862888712458470}
        animationCurveParams: []
        functionCallParams: []
        fsmTemplateControlParams: []
        fsmEventTargetParams: []
        fsmPropertyParams: []
        layoutOptionParams: []
        fsmStringParams: []
        fsmObjectParams:
        - useVariable: 1
          name: Detected Object Material
          tooltip: 
          showInInspector: 1
          networkSync: 0
          typeName: UnityEngine.Object
          value: {fileID: 2100000, guid: f904a6d2b83ce2b418f7e41e2a290679, type: 2}
        fsmVarParams: []
        fsmArrayParams: []
        fsmEnumParams: []
        fsmFloatParams: []
        fsmIntParams:
        - useVariable: 0
          name: 
          tooltip: 
          showInInspector: 0
          networkSync: 0
          value: 0
        - useVariable: 0
          name: 
          tooltip: 
          showInInspector: 0
          networkSync: 0
          value: 0
        fsmBoolParams: []
        fsmVector2Params: []
        fsmVector3Params: []
        fsmColorParams: []
        fsmRectParams: []
        fsmQuaternionParams: []
        stringParams: []
        byteData: 
        arrayParamSizes: 
        arrayParamTypes: []
        customTypeSizes: 
        customTypeNames: []
        paramDataType: 140000001000000013000000140000001000000020000000
        paramName:
        - gameObject
        - childIndex
        - store
        - gameObject
        - materialIndex
        - material
        paramDataPos: 000000000000000000000000010000000100000000000000
        paramByteDataSize: 000000000000000000000000000000000000000000000000
    - name: Change Material Back
      description: 
      colorIndex: 0
      position:
        serializedVersion: 2
        x: 51.6875
        y: 162
        width: 158
        height: 32
      isBreakpoint: 0
      isSequence: 0
      hideUnused: 0
      transitions:
      - fsmEvent:
          name: FINISHED
          isSystemEvent: 1
          isGlobal: 0
        toState: State 1
        linkStyle: 0
        linkConstraint: 0
        colorIndex: 0
      actionData:
        actionNames:
        - HutongGames.PlayMaker.Actions.GetChildNum
        - HutongGames.PlayMaker.Actions.SetMaterial
        customNames:
        - 
        - 
        actionEnabled: 0001
        actionIsOpen: 0101
        actionStartIndex: 0000000003000000
        actionHashCodes: 280cdd0511ab5a02
        unityObjectParams: []
        fsmGameObjectParams:
        - useVariable: 1
          name: Float Object Body
          tooltip: 
          showInInspector: 1
          networkSync: 0
          value: {fileID: 2947862888712458470}
        fsmOwnerDefaultParams:
        - ownerOption: 0
          gameObject:
            useVariable: 1
            name: CollidedObject
            tooltip: 
            showInInspector: 0
            networkSync: 0
            value: {fileID: 0}
        - ownerOption: 1
          gameObject:
            useVariable: 1
            name: Float Object Body
            tooltip: 
            showInInspector: 1
            networkSync: 0
            value: {fileID: 2947862888712458470}
        animationCurveParams: []
        functionCallParams: []
        fsmTemplateControlParams: []
        fsmEventTargetParams: []
        fsmPropertyParams: []
        layoutOptionParams: []
        fsmStringParams: []
        fsmObjectParams:
        - useVariable: 1
          name: Object Defult Material
          tooltip: 
          showInInspector: 1
          networkSync: 0
          typeName: UnityEngine.Object
          value: {fileID: 2100000, guid: a0449bd8bf541224b81d3a065e3f6ee6, type: 2}
        fsmVarParams: []
        fsmArrayParams: []
        fsmEnumParams: []
        fsmFloatParams: []
        fsmIntParams:
        - useVariable: 0
          name: 
          tooltip: 
          showInInspector: 0
          networkSync: 0
          value: 0
        - useVariable: 0
          name: 
          tooltip: 
          showInInspector: 0
          networkSync: 0
          value: 0
        fsmBoolParams: []
        fsmVector2Params: []
        fsmVector3Params: []
        fsmColorParams: []
        fsmRectParams: []
        fsmQuaternionParams: []
        stringParams: []
        byteData: 
        arrayParamSizes: 
        arrayParamTypes: []
        customTypeSizes: 
        customTypeNames: []
        paramDataType: 140000001000000013000000140000001000000020000000
        paramName:
        - gameObject
        - childIndex
        - store
        - gameObject
        - materialIndex
        - material
        paramDataPos: 000000000000000000000000010000000100000000000000
        paramByteDataSize: 000000000000000000000000000000000000000000000000
    events:
    - name: FINISHED
      isSystemEvent: 1
      isGlobal: 0
    - name: OBJECT IS DETECTED
      isSystemEvent: 0
      isGlobal: 1
    - name: RESET
      isSystemEvent: 0
      isGlobal: 1
    globalTransitions:
    - fsmEvent:
        name: OBJECT IS DETECTED
        isSystemEvent: 0
        isGlobal: 1
      toState: Change Material
      linkStyle: 0
      linkConstraint: 0
      colorIndex: 0
    - fsmEvent:
        name: RESET
        isSystemEvent: 0
        isGlobal: 1
      toState: Change Material Back
      linkStyle: 0
      linkConstraint: 0
      colorIndex: 0
    variables:
      floatVariables: []
      intVariables: []
      boolVariables: []
      stringVariables: []
      vector2Variables: []
      vector3Variables: []
      colorVariables: []
      rectVariables: []
      quaternionVariables: []
      gameObjectVariables:
      - useVariable: 1
        name: CollidedObject
        tooltip: 
        showInInspector: 0
        networkSync: 0
        value: {fileID: 0}
      - useVariable: 1
        name: Float Object Body
        tooltip: 
        showInInspector: 1
        networkSync: 0
        value: {fileID: 2947862888712458470}
      objectVariables: []
      materialVariables:
      - useVariable: 1
        name: Detected Object Material
        tooltip: 
        showInInspector: 1
        networkSync: 0
        typeName: UnityEngine.Object
        value: {fileID: 2100000, guid: a64fde1c34a6178419dc14dabe6b5278, type: 2}
      - useVariable: 1
        name: Object Defult Material
        tooltip: 
        showInInspector: 1
        networkSync: 0
        typeName: UnityEngine.Object
        value: {fileID: 2100000, guid: 4ec88774d27e5ec4fa5e272918873236, type: 2}
      textureVariables: []
      arrayVariables: []
      enumVariables: []
      categories:
      - 
      variableCategoryIDs: 00000000000000000000000000000000
    description: 
    docUrl: 
    showStateLabel: 0
    maxLoopCount: 0
    watermark: 
    password: 
    locked: 0
    manualUpdate: 0
    keepDelayedEventsOnStateExit: 0
    preprocessed: 1
    ExposedEvents: []
    RestartOnEnable: 1
    EnableDebugFlow: 0
    EnableBreakpoints: 1
    editorFlags: 3
    activeStateName: 
    mouseEvents: 0
    handleLevelLoaded: 0
    handleTriggerEnter2D: 0
    handleTriggerExit2D: 0
    handleTriggerStay2D: 0
    handleCollisionEnter2D: 0
    handleCollisionExit2D: 0
    handleCollisionStay2D: 0
    handleTriggerEnter: 0
    handleTriggerExit: 0
    handleTriggerStay: 0
    handleCollisionEnter: 0
    handleCollisionExit: 0
    handleCollisionStay: 0
    handleParticleCollision: 0
    handleControllerColliderHit: 0
    handleJointBreak: 0
    handleJointBreak2D: 0
    handleOnGUI: 0
    handleFixedUpdate: 0
    handleLateUpdate: 0
    handleApplicationEvents: 0
    handleUiEvents: 0
    handleLegacyNetworking: 0
    handleAnimatorMove: 0
    handleAnimatorIK: 0
  fsmTemplate: {fileID: 0}
  eventHandlerComponentsAdded: 1
--- !u!1 &2947862888712458470
GameObject:
  m_ObjectHideFlags: 0
  m_CorrespondingSourceObject: {fileID: 0}
  m_PrefabInstance: {fileID: 0}
  m_PrefabAsset: {fileID: 0}
  serializedVersion: 6
  m_Component:
  - component: {fileID: 2947862888712458474}
  - component: {fileID: 2947862888712458475}
  - component: {fileID: 2947862888712458472}
  m_Layer: 11
  m_Name: Float Object Body
  m_TagString: Float
  m_Icon: {fileID: 0}
  m_NavMeshLayer: 0
  m_StaticEditorFlags: 0
  m_IsActive: 1
--- !u!4 &2947862888712458474
Transform:
  m_ObjectHideFlags: 0
  m_CorrespondingSourceObject: {fileID: 0}
  m_PrefabInstance: {fileID: 0}
  m_PrefabAsset: {fileID: 0}
  m_GameObject: {fileID: 2947862888712458470}
  m_LocalRotation: {x: -0.7071068, y: 0, z: 0, w: 0.7071068}
  m_LocalPosition: {x: 0, y: 0, z: 0}
  m_LocalScale: {x: 1.5, y: 1.5, z: 1.5}
  m_Children: []
  m_Father: {fileID: 2947862888591026887}
  m_RootOrder: 0
  m_LocalEulerAnglesHint: {x: -90, y: 0, z: 0}
--- !u!33 &2947862888712458475
MeshFilter:
  m_ObjectHideFlags: 0
  m_CorrespondingSourceObject: {fileID: 0}
  m_PrefabInstance: {fileID: 0}
  m_PrefabAsset: {fileID: 0}
  m_GameObject: {fileID: 2947862888712458470}
  m_Mesh: {fileID: -1669292870340598250, guid: 77765df6944ff6a4fb3c579356e9c81b, type: 3}
--- !u!23 &2947862888712458472
MeshRenderer:
  m_ObjectHideFlags: 0
  m_CorrespondingSourceObject: {fileID: 0}
  m_PrefabInstance: {fileID: 0}
  m_PrefabAsset: {fileID: 0}
  m_GameObject: {fileID: 2947862888712458470}
  m_Enabled: 1
  m_CastShadows: 1
  m_ReceiveShadows: 1
  m_DynamicOccludee: 1
  m_MotionVectors: 1
  m_LightProbeUsage: 1
  m_ReflectionProbeUsage: 1
  m_RayTracingMode: 2
  m_RayTraceProcedural: 0
  m_RenderingLayerMask: 1
  m_RendererPriority: 0
  m_Materials:
  - {fileID: 2100000, guid: 4ec88774d27e5ec4fa5e272918873236, type: 2}
  m_StaticBatchInfo:
    firstSubMesh: 0
    subMeshCount: 0
  m_StaticBatchRoot: {fileID: 0}
  m_ProbeAnchor: {fileID: 0}
  m_LightProbeVolumeOverride: {fileID: 0}
  m_ScaleInLightmap: 1
  m_ReceiveGI: 1
  m_PreserveUVs: 0
  m_IgnoreNormalsForChartDetection: 0
  m_ImportantGI: 0
  m_StitchLightmapSeams: 1
  m_SelectedEditorRenderState: 3
  m_MinimumChartSize: 4
  m_AutoUVMaxDistance: 0.5
  m_AutoUVMaxAngle: 89
  m_LightmapParameters: {fileID: 0}
  m_SortingLayerID: 0
  m_SortingLayer: 0
  m_SortingOrder: 0
  m_AdditionalVertexStreams: {fileID: 0}
