%YAML 1.1
%TAG !u! tag:unity3d.com,2011:
--- !u!1 &4629483263818372812
GameObject:
  m_ObjectHideFlags: 0
  m_CorrespondingSourceObject: {fileID: 0}
  m_PrefabInstance: {fileID: 0}
  m_PrefabAsset: {fileID: 0}
  serializedVersion: 6
  m_Component:
  - component: {fileID: 4629483263818372815}
  m_Layer: 10
  m_Name: FloorSetA
  m_TagString: Untagged
  m_Icon: {fileID: 0}
  m_NavMeshLayer: 0
  m_StaticEditorFlags: 0
  m_IsActive: 1
--- !u!4 &4629483263818372815
Transform:
  m_ObjectHideFlags: 0
  m_CorrespondingSourceObject: {fileID: 0}
  m_PrefabInstance: {fileID: 0}
  m_PrefabAsset: {fileID: 0}
  m_GameObject: {fileID: 4629483263818372812}
  m_LocalRotation: {x: -0.7071067, y: 0.00000016858742, z: 0.00000016858738, w: 0.7071069}
  m_LocalPosition: {x: -5.9, y: -0.48, z: -21.46}
  m_LocalScale: {x: 1.4717801, y: 1.4717801, z: 6.494083}
  m_Children:
  - {fileID: 4863518812837466196}
  - {fileID: 4863518813216836975}
  - {fileID: 4863518813334648194}
  m_Father: {fileID: 0}
  m_RootOrder: 0
  m_LocalEulerAnglesHint: {x: 0, y: 0, z: 0}
--- !u!65 &4629483264956745094
BoxCollider:
  m_ObjectHideFlags: 0
  m_CorrespondingSourceObject: {fileID: 0}
  m_PrefabInstance: {fileID: 0}
  m_PrefabAsset: {fileID: 0}
  m_GameObject: {fileID: 5203170751136074478}
  m_Material: {fileID: 0}
  m_IsTrigger: 0
  m_Enabled: 1
  serializedVersion: 2
  m_Size: {x: 3.9967713, y: 11.927774, z: 0.037136868}
  m_Center: {x: -2.3046589e-16, y: 0.004959912, z: 0.018568499}
--- !u!1001 &4629483264789198704
PrefabInstance:
  m_ObjectHideFlags: 0
  serializedVersion: 2
  m_Modification:
    m_TransformParent: {fileID: 4629483263818372815}
    m_Modifications:
    - target: {fileID: 234620490870176287, guid: ee600b3e636241a45a01c6b1a431c265, type: 3}
      propertyPath: m_LocalPosition.x
      value: 0
      objectReference: {fileID: 0}
    - target: {fileID: 234620490870176287, guid: ee600b3e636241a45a01c6b1a431c265, type: 3}
      propertyPath: m_LocalPosition.y
      value: 3.9731686
      objectReference: {fileID: 0}
    - target: {fileID: 234620490870176287, guid: ee600b3e636241a45a01c6b1a431c265, type: 3}
      propertyPath: m_LocalPosition.z
      value: 0
      objectReference: {fileID: 0}
    - target: {fileID: 234620490870176287, guid: ee600b3e636241a45a01c6b1a431c265, type: 3}
      propertyPath: m_LocalRotation.x
      value: -0
      objectReference: {fileID: 0}
    - target: {fileID: 234620490870176287, guid: ee600b3e636241a45a01c6b1a431c265, type: 3}
      propertyPath: m_LocalRotation.y
      value: -0
      objectReference: {fileID: 0}
    - target: {fileID: 234620490870176287, guid: ee600b3e636241a45a01c6b1a431c265, type: 3}
      propertyPath: m_LocalRotation.z
      value: -0
      objectReference: {fileID: 0}
    - target: {fileID: 234620490870176287, guid: ee600b3e636241a45a01c6b1a431c265, type: 3}
      propertyPath: m_LocalRotation.w
      value: 1
      objectReference: {fileID: 0}
    - target: {fileID: 234620490870176287, guid: ee600b3e636241a45a01c6b1a431c265, type: 3}
      propertyPath: m_RootOrder
      value: 1
      objectReference: {fileID: 0}
    - target: {fileID: 234620490870176287, guid: ee600b3e636241a45a01c6b1a431c265, type: 3}
      propertyPath: m_LocalEulerAnglesHint.x
      value: 0
      objectReference: {fileID: 0}
    - target: {fileID: 234620490870176287, guid: ee600b3e636241a45a01c6b1a431c265, type: 3}
      propertyPath: m_LocalEulerAnglesHint.y
      value: 0
      objectReference: {fileID: 0}
    - target: {fileID: 234620490870176287, guid: ee600b3e636241a45a01c6b1a431c265, type: 3}
      propertyPath: m_LocalEulerAnglesHint.z
      value: 0
      objectReference: {fileID: 0}
    - target: {fileID: 234620490870176287, guid: ee600b3e636241a45a01c6b1a431c265, type: 3}
      propertyPath: m_LocalScale.x
      value: 1
      objectReference: {fileID: 0}
    - target: {fileID: 234620490870176287, guid: ee600b3e636241a45a01c6b1a431c265, type: 3}
      propertyPath: m_LocalScale.y
      value: 1
      objectReference: {fileID: 0}
    - target: {fileID: 234620490870176287, guid: ee600b3e636241a45a01c6b1a431c265, type: 3}
      propertyPath: m_LocalScale.z
      value: 1
      objectReference: {fileID: 0}
    - target: {fileID: 579375263388295333, guid: ee600b3e636241a45a01c6b1a431c265, type: 3}
      propertyPath: m_Name
      value: Tile3 (1)
      objectReference: {fileID: 0}
    - target: {fileID: 579375263388295333, guid: ee600b3e636241a45a01c6b1a431c265, type: 3}
      propertyPath: m_Layer
      value: 10
      objectReference: {fileID: 0}
    - target: {fileID: 1372092428559303024, guid: ee600b3e636241a45a01c6b1a431c265, type: 3}
      propertyPath: m_Materials.Array.data[0]
      value: 
      objectReference: {fileID: 2100000, guid: d0b06f17aa8f5934d9f6361ce31bbeb5, type: 2}
    m_RemovedComponents: []
  m_SourcePrefab: {fileID: 100100000, guid: ee600b3e636241a45a01c6b1a431c265, type: 3}
--- !u!4 &4863518813216836975 stripped
Transform:
  m_CorrespondingSourceObject: {fileID: 234620490870176287, guid: ee600b3e636241a45a01c6b1a431c265, type: 3}
  m_PrefabInstance: {fileID: 4629483264789198704}
  m_PrefabAsset: {fileID: 0}
--- !u!1001 &4629483264940543901
PrefabInstance:
  m_ObjectHideFlags: 0
  serializedVersion: 2
  m_Modification:
    m_TransformParent: {fileID: 4629483263818372815}
    m_Modifications:
    - target: {fileID: 234620490870176287, guid: ee600b3e636241a45a01c6b1a431c265, type: 3}
      propertyPath: m_LocalPosition.x
      value: 0
      objectReference: {fileID: 0}
    - target: {fileID: 234620490870176287, guid: ee600b3e636241a45a01c6b1a431c265, type: 3}
      propertyPath: m_LocalPosition.y
      value: -3.9731688
      objectReference: {fileID: 0}
    - target: {fileID: 234620490870176287, guid: ee600b3e636241a45a01c6b1a431c265, type: 3}
      propertyPath: m_LocalPosition.z
      value: 0
      objectReference: {fileID: 0}
    - target: {fileID: 234620490870176287, guid: ee600b3e636241a45a01c6b1a431c265, type: 3}
      propertyPath: m_LocalRotation.x
      value: -0
      objectReference: {fileID: 0}
    - target: {fileID: 234620490870176287, guid: ee600b3e636241a45a01c6b1a431c265, type: 3}
      propertyPath: m_LocalRotation.y
      value: -0
      objectReference: {fileID: 0}
    - target: {fileID: 234620490870176287, guid: ee600b3e636241a45a01c6b1a431c265, type: 3}
      propertyPath: m_LocalRotation.z
      value: -0
      objectReference: {fileID: 0}
    - target: {fileID: 234620490870176287, guid: ee600b3e636241a45a01c6b1a431c265, type: 3}
      propertyPath: m_LocalRotation.w
      value: 1
      objectReference: {fileID: 0}
    - target: {fileID: 234620490870176287, guid: ee600b3e636241a45a01c6b1a431c265, type: 3}
      propertyPath: m_RootOrder
      value: 2
      objectReference: {fileID: 0}
    - target: {fileID: 234620490870176287, guid: ee600b3e636241a45a01c6b1a431c265, type: 3}
      propertyPath: m_LocalEulerAnglesHint.x
      value: 0
      objectReference: {fileID: 0}
    - target: {fileID: 234620490870176287, guid: ee600b3e636241a45a01c6b1a431c265, type: 3}
      propertyPath: m_LocalEulerAnglesHint.y
      value: 0
      objectReference: {fileID: 0}
    - target: {fileID: 234620490870176287, guid: ee600b3e636241a45a01c6b1a431c265, type: 3}
      propertyPath: m_LocalEulerAnglesHint.z
      value: 0
      objectReference: {fileID: 0}
    - target: {fileID: 234620490870176287, guid: ee600b3e636241a45a01c6b1a431c265, type: 3}
      propertyPath: m_LocalScale.x
      value: 1
      objectReference: {fileID: 0}
    - target: {fileID: 234620490870176287, guid: ee600b3e636241a45a01c6b1a431c265, type: 3}
      propertyPath: m_LocalScale.y
      value: 1
      objectReference: {fileID: 0}
    - target: {fileID: 234620490870176287, guid: ee600b3e636241a45a01c6b1a431c265, type: 3}
      propertyPath: m_LocalScale.z
      value: 1
      objectReference: {fileID: 0}
    - target: {fileID: 579375263388295333, guid: ee600b3e636241a45a01c6b1a431c265, type: 3}
      propertyPath: m_Name
      value: Tile3 (2)
      objectReference: {fileID: 0}
    - target: {fileID: 579375263388295333, guid: ee600b3e636241a45a01c6b1a431c265, type: 3}
      propertyPath: m_Layer
      value: 10
      objectReference: {fileID: 0}
    - target: {fileID: 1372092428559303024, guid: ee600b3e636241a45a01c6b1a431c265, type: 3}
      propertyPath: m_Materials.Array.data[0]
      value: 
      objectReference: {fileID: 2100000, guid: d0b06f17aa8f5934d9f6361ce31bbeb5, type: 2}
    m_RemovedComponents: []
  m_SourcePrefab: {fileID: 100100000, guid: ee600b3e636241a45a01c6b1a431c265, type: 3}
--- !u!4 &4863518813334648194 stripped
Transform:
  m_CorrespondingSourceObject: {fileID: 234620490870176287, guid: ee600b3e636241a45a01c6b1a431c265, type: 3}
  m_PrefabInstance: {fileID: 4629483264940543901}
  m_PrefabAsset: {fileID: 0}
--- !u!1001 &4629483265450011211
PrefabInstance:
  m_ObjectHideFlags: 0
  serializedVersion: 2
  m_Modification:
    m_TransformParent: {fileID: 4629483263818372815}
    m_Modifications:
    - target: {fileID: 234620490870176287, guid: ee600b3e636241a45a01c6b1a431c265, type: 3}
      propertyPath: m_LocalPosition.x
      value: 0
      objectReference: {fileID: 0}
    - target: {fileID: 234620490870176287, guid: ee600b3e636241a45a01c6b1a431c265, type: 3}
      propertyPath: m_LocalPosition.y
      value: 0
      objectReference: {fileID: 0}
    - target: {fileID: 234620490870176287, guid: ee600b3e636241a45a01c6b1a431c265, type: 3}
      propertyPath: m_LocalPosition.z
      value: 0
      objectReference: {fileID: 0}
    - target: {fileID: 234620490870176287, guid: ee600b3e636241a45a01c6b1a431c265, type: 3}
      propertyPath: m_LocalRotation.x
      value: -0
      objectReference: {fileID: 0}
    - target: {fileID: 234620490870176287, guid: ee600b3e636241a45a01c6b1a431c265, type: 3}
      propertyPath: m_LocalRotation.y
      value: -0
      objectReference: {fileID: 0}
    - target: {fileID: 234620490870176287, guid: ee600b3e636241a45a01c6b1a431c265, type: 3}
      propertyPath: m_LocalRotation.z
      value: -0
      objectReference: {fileID: 0}
    - target: {fileID: 234620490870176287, guid: ee600b3e636241a45a01c6b1a431c265, type: 3}
      propertyPath: m_LocalRotation.w
      value: 1
      objectReference: {fileID: 0}
    - target: {fileID: 234620490870176287, guid: ee600b3e636241a45a01c6b1a431c265, type: 3}
      propertyPath: m_RootOrder
      value: 0
      objectReference: {fileID: 0}
    - target: {fileID: 234620490870176287, guid: ee600b3e636241a45a01c6b1a431c265, type: 3}
      propertyPath: m_LocalEulerAnglesHint.x
      value: 0
      objectReference: {fileID: 0}
    - target: {fileID: 234620490870176287, guid: ee600b3e636241a45a01c6b1a431c265, type: 3}
      propertyPath: m_LocalEulerAnglesHint.y
      value: 0
      objectReference: {fileID: 0}
    - target: {fileID: 234620490870176287, guid: ee600b3e636241a45a01c6b1a431c265, type: 3}
      propertyPath: m_LocalEulerAnglesHint.z
      value: 0
      objectReference: {fileID: 0}
    - target: {fileID: 234620490870176287, guid: ee600b3e636241a45a01c6b1a431c265, type: 3}
      propertyPath: m_LocalScale.x
      value: 1
      objectReference: {fileID: 0}
    - target: {fileID: 234620490870176287, guid: ee600b3e636241a45a01c6b1a431c265, type: 3}
      propertyPath: m_LocalScale.y
      value: 1
      objectReference: {fileID: 0}
    - target: {fileID: 234620490870176287, guid: ee600b3e636241a45a01c6b1a431c265, type: 3}
      propertyPath: m_LocalScale.z
      value: 1
      objectReference: {fileID: 0}
    - target: {fileID: 579375263388295333, guid: ee600b3e636241a45a01c6b1a431c265, type: 3}
      propertyPath: m_Name
      value: Tile3
      objectReference: {fileID: 0}
    - target: {fileID: 579375263388295333, guid: ee600b3e636241a45a01c6b1a431c265, type: 3}
      propertyPath: m_Layer
      value: 10
      objectReference: {fileID: 0}
    - target: {fileID: 1372092428559303024, guid: ee600b3e636241a45a01c6b1a431c265, type: 3}
      propertyPath: m_Materials.Array.data[0]
      value: 
      objectReference: {fileID: 2100000, guid: d0b06f17aa8f5934d9f6361ce31bbeb5, type: 2}
    m_RemovedComponents: []
  m_SourcePrefab: {fileID: 100100000, guid: ee600b3e636241a45a01c6b1a431c265, type: 3}
--- !u!1 &5203170751136074478 stripped
GameObject:
  m_CorrespondingSourceObject: {fileID: 579375263388295333, guid: ee600b3e636241a45a01c6b1a431c265, type: 3}
  m_PrefabInstance: {fileID: 4629483265450011211}
  m_PrefabAsset: {fileID: 0}
--- !u!4 &4863518812837466196 stripped
Transform:
  m_CorrespondingSourceObject: {fileID: 234620490870176287, guid: ee600b3e636241a45a01c6b1a431c265, type: 3}
  m_PrefabInstance: {fileID: 4629483265450011211}
  m_PrefabAsset: {fileID: 0}
